<?xml version="1.0" encoding="UTF-8"?><record xmlns="http://www.loc.gov/MARC21/slim" xmlns:cinclude="http://apache.org/cocoon/include/1.0" xmlns:zs="http://www.loc.gov/zing/srw/">
  <leader>00815nz  a2200193n  4500</leader>
  <controlfield tag="001">no2010024700</controlfield>
  <controlfield tag="003">DLC</controlfield>
  <controlfield tag="005">20100214075242.0</controlfield>
  <controlfield tag="008">100212n| acannaabn          |a ana     c</controlfield>
  <datafield tag="010" ind1=" " ind2=" ">
    <subfield code="a">no2010024700</subfield>
  </datafield>
  <datafield tag="035" ind1=" " ind2=" ">
    <subfield code="a">(OCoLC)oca08393185</subfield>
  </datafield>
  <datafield tag="040" ind1=" " ind2=" ">
    <subfield code="a">ViBlbV</subfield>
    <subfield code="b">eng</subfield>
    <subfield code="c">ViBlbV</subfield>
  </datafield>
  <datafield tag="110" ind1="2" ind2=" ">
    <subfield code="a">Boston Investigator (Firm)</subfield>
  </datafield>
  <datafield tag="410" ind1="2" ind2=" ">
    <subfield code="a">Investigator (Boston, Mass. : Firm)</subfield>
  </datafield>
  <datafield tag="410" ind1="2" ind2=" ">
    <subfield code="a">Office of the Boston Investigator</subfield>
  </datafield>
  <datafield tag="410" ind1="2" ind2=" ">
    <subfield code="a">Office of the Investigator (Boston, Mass.)</subfield>
  </datafield>
  <datafield tag="410" ind1="2" ind2=" ">
    <subfield code="a">Investigator Office (Boston, Mass.)</subfield>
  </datafield>
  <datafield tag="670" ind1=" " ind2=" ">
    <subfield code="a">Atheists and agnostics, 1885:</subfield>
    <subfield code="b">t.p. (Investigator Office, Boston); p. [2] of cover (Paine Memorial Building, Appleton St.)</subfield>
  </datafield>
  <datafield tag="670" ind1=" " ind2=" ">
    <subfield code="a">OCLC, Feb. 10, 2010:</subfield>
    <subfield code="b">(hdg.: Office of the Boston Investigator; usage: Office of the Boston Investigator, Office of the Investigator, Investigator Office)</subfield>
  </datafield>
</record>